@misc{iemtronics,
    author = "Ndiatenda Ndou and Ritesh Ajoodha and Ashwini Jadhav",
    title = "Music Genre Classification: A Review of Deep-Learning and Traditional Machine-Learning Approaches",
    year = "2021",
    howpublished = "\url{https://ieeexplore.ieee.org/document/9422487/authors#authors}",
    note = "(Accessed Nov. 27, 2021)"
}

@misc{kaggle,
    author = "Andrada Olteanu",
    title = "GTZAN Dataset - Music Genre Classification",
    year = "2020",
    howpublished = "\url{https://www.kaggle.com/andradaolteanu/gtzan-dataset-music-genre-classification/activity}",
    note = "(Accessed Nov. 14, 2021)"
}

@misc{guo_gu_liu,
    author = "Li Gui and Zhiwei Gu and Tianchi Liu",
    title = "Music Genre Classification via Machine Learning",
    year = "2017",
    howpublished = "\url{http://cs229.stanford.edu/proj2017/final-reports/5244969.pdf}",
    note = "(Accessed Nov. 27, 2021)"
}

@misc{adragna_sun,
    author = "Robert Adragna and Yuan Hong Sun",
    title = "Music Genre Classification",
    year = "2018",
    howpublished = "\url{https://www.eecg.utoronto.ca/~jayar/mie324/musicgenre.pdf}",
    note = "(Accessed Nov. 27, 2021)"
}

@misc{haggblade_hong_kao,
    author = "Michael Haggblade and Yang Hong and Kenny Kao",
    title = "Music Genre Classification",
    year = "2011",
    howpublished = "\url{http://cs229.stanford.edu/proj2011/HaggbladeHongKao-MusicGenreClassification.pdf}",
    note = "(Accessed Nov. 27, 2021)"
}

@misc{ceylan_hardala_kara_hardalac,
    author = "Hasan Can Ceylan and Naciye Hardala and Ali Can kara and Firat Hadalac",
    title = "Automatic Music Genre Classification and Its Relation with Music Education",
    year = "2021",
    howpublished = "\url{https://files.eric.ed.gov/fulltext/EJ1302228.pdf}",
    note = "(Accessed Nov. 26, 2021)"
}

@misc{librosa,
    author = "McFee, Brian, Colin Raffel, Dawen Liang, Daniel PW Ellis, Matt McVicar, Eric Battenberg, and Oriol Nieto",
    title = "librosa: Audio and music signal analysis in python",
    year = "2015",
    howpublished = "\url{https://librosa.org/doc/main/index.html}",
    note = "(Accessed Nov. 14, 2021)"
}

@misc{tensorflow,
title={ {TensorFlow}: Large-Scale Machine Learning on Heterogeneous Systems},
url={https://www.tensorflow.org/},
note={Software available from tensorflow.org},
author={Mart Abadi and al.},
  year={2015},
}

@book{python,
 author = {Van Rossum, Guido and Drake, Fred L.},
 title = {Python 3 Reference Manual},
 year = {2009},
 isbn = {1441412697},
 publisher = {CreateSpace},
 address = {Scotts Valley, CA}
}

@misc{cnn_rnn,
    author = "Priya Dwivedi",
    title = "Using CNNs and RNNs for Music Genre Recognition",
    year = "2018",
    howpublished = "\url{https://towardsdatascience.com/using-cnns-and-rnns-for-music-genre-recognition-2435fb2ed6af#:~:text=A%20spectogram%20is%20a%20visual,state%20at%20time%20t%2D1.}",
    note = "(Accessed Nov. 14, 2021)"
}

@misc{cnn_rnn_2,
    author = "Ahlam Wahdan, Said A. Salloum andKhaled Shaalan",
    title = "Using CNNs and RNNs for Music Genre Recognition",
    year = "2021",
    howpublished = "\url{https://www.researchgate.net/publication/349804849_Classifying_Audio_Music_Genres_Using_CNN_and_RNN}",
    note = "(Accessed Nov. 14, 2021)"
}

@misc{kosina,
    author = "Karina Kosina",
    title = "Music Genre Recoginition",
    year = "2002",
    howpublished = "\url{http://www.music.mcgill.ca/~ich/classes/mumt611_08/similarity/KosinaMusicGenreRec.pdf}",
    note = "(Accessed Nov. 26, 2021)"
}